{1:F21COPZBEB0AXXX0377002058}{4:{177:1108050159}{451:0}}{1:F01COPZBEB0AXXX0377002058}{2:O9501453110804LRLRXXXX4A1100009036811108041653N}{3:{108:MT950 001 OF 030}}{4:
:20:02700
:25:12311984
:28C:00200
:60F:D000103NOK672,
:61:000103D150,NMSC999//688895
:62F:C000103NOK822,
:64:C000103NOK8221,
-}{5:{CHK:ECB8DD21C735}{TNG:}}{S:{COP:P}}